
@article{meddeb:2018:afirm,
	author = {Meddeb, M. and Dhraief, A. and Belghith, A. and Monteil, T. and Drira, K. and Gannouni, S.},
	doi = {10.1016/j.future.2018.04.087},
	journal = {Future Generation Computer Systems},
	month = may,
	pages = {351--363},
	title = {{AFIRM}: Adaptive forwarding based link recovery for mobility support in {NDN}/{IoT} networks},
	year = {2018}}


@misc{auge:2016:map-me,
	author = {{Aug\'e}, J. and Carofiglio, G. and Grassi, G. and Muscariello, L. and Pau, G. and Zeng, X.},
	howpublished = {{arXiv:1611.06785}},
	month = nov,
	title = {{MAP-Me}: Managing Anchor-less Producer Mobility in Information-Centric Networks},
	year = {2016}}


@inproceedings{zhang:2018:kite,
	address = {Boston, {MA}, {USA}},
	author = {Zhang, Y. and Xia, Z. and Mastorakis, S. and Zhang, L.},
	booktitle = {Proceedings of the Conference on Information Centric Networking ({ICN})},
	doi = {10.1145/3267955.3267959},
	month = sep,
	pages = {125--136},
	publisher = {{ACM}},
	title = {{KITE}: producer mobility support in named data networking},
	year = {2018}}
